% !Mode:: "TeX:UTF-8"
@article{Dean:2008:MSD:1327452.1327492,
 author = {Dean, Jeffrey and Ghemawat, Sanjay},
 title = {MapReduce: Simplified Data Processing on Large Clusters},
 journal = {Commun. ACM},
 issue_date = {January 2008},
 volume = {51},
 number = {1},
 month = jan,
 year = {2008},
 issn = {0001-0782},
 pages = {107--113},
 numpages = {7},
 url = {http://doi.acm.org/10.1145/1327452.1327492},
 doi = {10.1145/1327452.1327492},
 acmid = {1327492},
 publisher = {ACM},
 address = {New York, NY, USA},
}

@inproceedings{Ferguson:2013:PNA:2486001.2486003,
 author = {Ferguson, Andrew D. and Guha, Arjun and Liang, Chen and Fonseca, Rodrigo and Krishnamurthi, Shriram},
 title = {Participatory Networking: An API for Application Control of SDNs},
 booktitle = {Proceedings of the ACM SIGCOMM 2013 Conference on SIGCOMM},
 series = {SIGCOMM '13},
 year = {2013},
 isbn = {978-1-4503-2056-6},
 location = {Hong Kong, China},
 pages = {327--338},
 numpages = {12},
 url = {http://doi.acm.org/10.1145/2486001.2486003},
 doi = {10.1145/2486001.2486003},
 acmid = {2486003},
 publisher = {ACM},
 address = {New York, NY, USA},
 keywords = {openflow, participatory networking, software-defined networks},
} 

@inproceedings{Jain:2013:BEG:2486001.2486019,
 author = {Jain, Sushant and Kumar, Alok and Mandal, Subhasree and Ong, Joon and Poutievski, Leon and Singh, Arjun and Venkata, Subbaiah and Wanderer, Jim and Zhou, Junlan and Zhu, Min and Zolla, Jon and H\"{o}lzle, Urs and Stuart, Stephen and Vahdat, Amin},
 title = {B4: Experience with a Globally-deployed Software Defined Wan},
 booktitle = {Proceedings of the ACM SIGCOMM 2013 Conference on SIGCOMM},
 series = {SIGCOMM '13},
 year = {2013},
 isbn = {978-1-4503-2056-6},
 location = {Hong Kong, China},
 pages = {3--14},
 numpages = {12},
 url = {http://doi.acm.org/10.1145/2486001.2486019},
 doi = {10.1145/2486001.2486019},
 acmid = {2486019},
 publisher = {ACM},
 address = {New York, NY, USA},
 keywords = {centralized traffic engineering, openflow, routing, software- defined networking, wide-area networks},
} 

%\ref{, . Englewood Cliffs, NJ: Prentice-Hall, 1993.}
%\ref{Eric A. Wan and Rudolph van der Merwe,The Unscented Kalman Filter for Nonlinear Estimation}
%
%\ref{S. J. Julier and J. K. Uhlmann. A New Extension of the Kalman Filter
%to Nonlinear Systems. In Proc. of AeroSense: The 11th Int. Symp. on
%Aerospace/Defence Sensing, Simulation and Controls., 1997}
%
%\ref{E. A. Wan, R. van der Merwe, and A. T. Nelson. Dual Estimation
%and the Unscented Transformation. In S. Solla, T. Leen, and K.-R.
%M¨uller, editors, Advances in Neural Information Processing Systems
%12, pages 666–672. MIT Press, 2000.}
%
%\ref{A. H. Jazwinski, Stochastic Processes and Filtering Theory. New
%York: Academic Press, 1970.}



